

@article{mm,  
    AUTHOR = {Ba{\v{c}}{\'a}k, M.},
     TITLE = {Computing medians and means in {H}adamard spaces},
   JOURNAL = {Preprint, arXiv:1210.2145},
      YEAR = {2013}
}


@article {billera,
    AUTHOR = {Billera, Louis J. and Holmes, Susan P. and Vogtmann, Karen},
     TITLE = {Geometry of the space of phylogenetic trees},
   JOURNAL = {Adv. in Appl. Math.},
  FJOURNAL = {Advances in Applied Mathematics},
    VOLUME = {27},
      YEAR = {2001},
    NUMBER = {4},
     PAGES = {733--767},
      ISSN = {0196-8858},
   MRCLASS = {05C90 (92B10)},
  MRNUMBER = {1867931 (2002k:05229)},
MRREVIEWER = {Charles A. Semple},
       DOI = {10.1006/aama.2001.0759},
       URL = {http://dx.doi.org/10.1006/aama.2001.0759},
}

@article {owenprovan,
    AUTHOR = {Owen, M. and Provan, S.},
     TITLE = {A fast algorithm for computing geodesic distances in tree space},
   JOURNAL = {IEEE/ACM Trans. Computational Biology and Bioinformatics},
    VOLUME = {8},
      YEAR = {2011},
     PAGES = {2--13},
}



